%% This BibTeX bibliography file was created using BibDesk.
%% http://bibdesk.sourceforge.net/


%% Created for Sebastian Knigge at 2019-11-10 11:46:28 +0100 


%% Saved with string encoding Unicode (UTF-8) 



@book{Raiffa1961,
	Author = {Howard Raiffa and Robert Schlaifer},
	Date-Added = {2019-11-10 11:44:35 +0100},
	Date-Modified = {2019-11-10 11:46:23 +0100},
	Publisher = {Harvard University Press},
	Title = {Applied Statistical Decision Theory},
	Year = {1961}}

@article{DeJong1979,
	Author = {DeJong, G.F.},
	Date-Added = {2019-10-07 13:50:19 +0200},
	Date-Modified = {2019-10-07 13:51:50 +0200},
	Journal = {Cogn. Sci.},
	Number = {3},
	Pages = {251-271},
	Title = {Prediction and substantiation: a new approach to natural language processing},
	Volume = {3},
	Year = {1979}}

@article{Jacobs1993,
	Author = {Jacobs, P., Rau, L.},
	Date-Added = {2019-10-07 12:32:47 +0200},
	Date-Modified = {2019-10-07 12:34:12 +0200},
	Journal = {Artificial Intelligence},
	Pages = {143-191},
	Title = {Innovations in text interpretation},
	Volume = {63},
	Year = {1993}}

@article{Winter2017,
	Author = {Winter, K., Rinderle-Ma, S., Grossmann, W., Feienrer, I., Ma, W.},
	Date-Added = {2019-10-01 15:24:17 +0200},
	Date-Modified = {2019-10-01 15:28:33 +0200},
	Journal = {Lecture Notes in Computer Science},
	Title = {Characterizing Regulatory Documents and Guidelines based on Text Mining},
	Volume = {10573},
	Year = {2017},
	Bdsk-File-1 = {YnBsaXN0MDDSAQIDBFxyZWxhdGl2ZVBhdGhZYWxpYXNEYXRhXxAULi4vLi4vV2ludGVyMjAxNy5wZGZPEQGKAAAAAAGKAAIAAAxNYWNpbnRvc2ggSEQAAAAAAAAAAAAAAAAAAAAAAAAAQkQAAf////8OV2ludGVyMjAxNy5wZGYAAAAAAAAAAAAAAAAAAAAAAAAAAAAAAAAAAAAAAAAAAAAAAAAAAAAAAAAAAAAAAAAA/////wAAAAAAAAAAAAAAAAACAAEAAAogY3UAAAAAAAAAAAAAAAAADk1hZ2lzdGVyYXJiZWl0AAIARS86VXNlcnM6c2ViYXN0aWFua25pZ2dlOkRlc2t0b3A6VW5pQm9vazpNYWdpc3RlcmFyYmVpdDpXaW50ZXIyMDE3LnBkZgAADgAeAA4AVwBpAG4AdABlAHIAMgAwADEANwAuAHAAZABmAA8AGgAMAE0AYQBjAGkAbgB0AG8AcwBoACAASABEABIAQ1VzZXJzL3NlYmFzdGlhbmtuaWdnZS9EZXNrdG9wL1VuaUJvb2svTWFnaXN0ZXJhcmJlaXQvV2ludGVyMjAxNy5wZGYAABMAAS8AABUAAgAW//8AAAAIAA0AGgAkADsAAAAAAAACAQAAAAAAAAAFAAAAAAAAAAAAAAAAAAAByQ==}}

@manual{wordcloud,
	Author = {Ian Fellows},
	Date-Added = {2019-10-01 11:34:16 +0200},
	Date-Modified = {2019-10-01 11:35:28 +0200},
	Title = {Package `wordcloud'},
	Url = {https://cran.r-project.org/web/packages/wordcloud/wordcloud.pdf},
	Year = {2018},
	Bdsk-Url-1 = {https://cran.r-project.org/web/packages/wordcloud/wordcloud.pdf}}

@book{Grossmann2004,
	Author = {Grossmann, D., Frieder, O.},
	Date-Added = {2019-09-27 18:16:27 +0200},
	Date-Modified = {2019-09-27 18:17:48 +0200},
	Edition = {2},
	Publisher = {Springer},
	Title = {Information Retrival - Algorithms and Heuristics},
	Year = {2004}}

@article{Harris1951,
	Author = {Harris, Z.},
	Date-Added = {2019-09-27 16:29:51 +0200},
	Date-Modified = {2019-09-27 16:30:35 +0200},
	Journal = {Linguistic Society of America},
	Title = {Methods in Structural Linguistics},
	Year = {1951}}

@article{Martinez2010,
	Author = {Martinez, A.},
	Date-Added = {2019-09-26 19:54:55 +0200},
	Date-Modified = {2019-09-27 15:43:30 +0200},
	Journal = {John Wiley and Sons, Inc.},
	Pages = {253-257},
	Title = {Natural language processing},
	Volume = {2},
	Year = {2010},
	Bdsk-File-1 = {YnBsaXN0MDDSAQIDBFxyZWxhdGl2ZVBhdGhZYWxpYXNEYXRhXxAWLi4vLi4vTWFydGluZXoyMDEwLnBkZk8RAZIAAAAAAZIAAgAADE1hY2ludG9zaCBIRAAAAAAAAAAAAAAAAAAAAAAAAABCRAAB/////xBNYXJ0aW5lejIwMTAucGRmAAAAAAAAAAAAAAAAAAAAAAAAAAAAAAAAAAAAAAAAAAAAAAAAAAAAAAAAAAAAAAD/////AAAAAAAAAAAAAAAAAAIAAQAACiBjdQAAAAAAAAAAAAAAAAAOTWFnaXN0ZXJhcmJlaXQAAgBHLzpVc2VyczpzZWJhc3RpYW5rbmlnZ2U6RGVza3RvcDpVbmlCb29rOk1hZ2lzdGVyYXJiZWl0Ok1hcnRpbmV6MjAxMC5wZGYAAA4AIgAQAE0AYQByAHQAaQBuAGUAegAyADAAMQAwAC4AcABkAGYADwAaAAwATQBhAGMAaQBuAHQAbwBzAGgAIABIAEQAEgBFVXNlcnMvc2ViYXN0aWFua25pZ2dlL0Rlc2t0b3AvVW5pQm9vay9NYWdpc3RlcmFyYmVpdC9NYXJ0aW5lejIwMTAucGRmAAATAAEvAAAVAAIAFv//AAAACAANABoAJAA9AAAAAAAAAgEAAAAAAAAABQAAAAAAAAAAAAAAAAAAAdM=}}

@book{Noble1988,
	Author = {Noble, H.},
	Date-Added = {2019-09-26 19:24:10 +0200},
	Date-Modified = {2019-09-26 19:25:32 +0200},
	Publisher = {Blackwell Scientific Publications},
	Title = {Natural LAnguage Processing},
	Year = {1988}}

@book{Manning1999,
	Author = {Manning, C., Sch{\"u}tze, H.},
	Date-Added = {2019-09-26 19:19:02 +0200},
	Date-Modified = {2019-09-26 19:20:34 +0200},
	Publisher = {MIT press},
	Title = {Foundations of Natural Language Processing},
	Year = {1999},
	Bdsk-File-1 = {YnBsaXN0MDDSAQIDBFxyZWxhdGl2ZVBhdGhZYWxpYXNEYXRhXxAWLi4vLi4vTWFubmluZ18xOTk5LnBkZk8RAZIAAAAAAZIAAgAADE1hY2ludG9zaCBIRAAAAAAAAAAAAAAAAAAAAAAAAABCRAAB/////xBNYW5uaW5nXzE5OTkucGRmAAAAAAAAAAAAAAAAAAAAAAAAAAAAAAAAAAAAAAAAAAAAAAAAAAAAAAAAAAAAAAD/////AAAAAAAAAAAAAAAAAAIAAQAACiBjdQAAAAAAAAAAAAAAAAAOTWFnaXN0ZXJhcmJlaXQAAgBHLzpVc2VyczpzZWJhc3RpYW5rbmlnZ2U6RGVza3RvcDpVbmlCb29rOk1hZ2lzdGVyYXJiZWl0Ok1hbm5pbmdfMTk5OS5wZGYAAA4AIgAQAE0AYQBuAG4AaQBuAGcAXwAxADkAOQA5AC4AcABkAGYADwAaAAwATQBhAGMAaQBuAHQAbwBzAGgAIABIAEQAEgBFVXNlcnMvc2ViYXN0aWFua25pZ2dlL0Rlc2t0b3AvVW5pQm9vay9NYWdpc3RlcmFyYmVpdC9NYW5uaW5nXzE5OTkucGRmAAATAAEvAAAVAAIAFv//AAAACAANABoAJAA9AAAAAAAAAgEAAAAAAAAABQAAAAAAAAAAAAAAAAAAAdM=}}

@url{ESSVision2020,
	Author = {Eurostat},
	Date-Added = {2019-09-23 14:23:38 +0200},
	Date-Modified = {2019-09-23 16:30:49 +0200},
	Lastchecked = {22.09.2019},
	Title = {ESS Vision 2020 ADMIN (Administrative data sources)},
	Url = {https://ec.europa.eu/eurostat/cros/content/ess-vision-2020-admin-administrative-data-sources_en},
	Urldate = {22.09.2019},
	Year = {2019},
	Bdsk-Url-1 = {https://ec.europa.eu/eurostat/cros/content/ess-vision-2020-admin-administrative-data-sources_en}}

@book{Bishop2006,
	Author = {Bishop, C. M.},
	Date-Added = {2019-09-23 09:48:35 +0200},
	Date-Modified = {2019-09-23 09:49:32 +0200},
	Publisher = {Springer},
	Title = {Pattern Recognition and Machine Learning},
	Year = {2006}}

@webpage{Lextec,
	Date-Added = {2019-09-17 09:50:24 +0200},
	Date-Modified = {2019-09-17 09:58:37 +0200},
	Lastchecked = {2019},
	Url = {http://www.lextek.com/manuals/onix/stopwords1.html},
	Bdsk-Url-1 = {http://www.lextek.com/manuals/onix/stopwords1.html}}

@manual{tidytext,
	Author = {Silge, J. et al.},
	Date-Added = {2019-09-04 17:43:36 +0200},
	Date-Modified = {2019-09-04 17:45:27 +0200},
	Lastchecked = {01.09.2019},
	Month = {July},
	Title = {Package 'itdytext'},
	Url = {https://cran.r-project.org/web/packages/tidytext/tidytext.pdf},
	Year = {2019},
	Bdsk-Url-1 = {https://cran.r-project.org/web/packages/tidytext/tidytext.pdf}}

@manual{gutenbergr,
	Author = {David Robinson},
	Date-Added = {2019-09-04 11:05:05 +0200},
	Date-Modified = {2019-09-04 11:14:55 +0200},
	Title = {Package 'gutenbergr'},
	Url = {David Robinson},
	Urldate = {01.09.2019},
	Year = {2018},
	Bdsk-Url-1 = {David%20Robinson}}

@url{ProjectGutenberg,
	Author = {Michael Hart},
	Date-Added = {2019-09-04 10:51:06 +0200},
	Date-Modified = {2019-09-04 11:18:00 +0200},
	Lastchecked = {04.09.2019},
	Title = {Project Gutenberg},
	Url = {www.gutenberg.org/wiki/Main_Page},
	Urldate = {01.09.2019},
	Bdsk-Url-1 = {www.gutenberg.org/wiki/Main_Page}}

@book{Chollet2018,
	Author = {Chollet, F., Allaire W.},
	Date-Added = {2019-09-02 15:42:44 +0200},
	Date-Modified = {2019-09-02 15:44:10 +0200},
	Publisher = {Manning},
	Title = {Deep Learning with R},
	Year = {2018}}

@phdthesis{Werbos1974,
	Author = {Werbos, P.},
	Date-Added = {2019-09-02 11:47:09 +0200},
	Date-Modified = {2019-09-02 11:48:40 +0200},
	School = {Harvard University},
	Title = {Beyond Regression: New Tools for Prediction and Analysis in the Behavioral Sciences},
	Year = {1974}}

@book{Minsky1969,
	Author = {Minsky, M. and Papert, S.},
	Date-Added = {2019-08-23 19:05:41 +0200},
	Date-Modified = {2019-08-23 19:07:44 +0200},
	Publisher = {MIT press},
	Title = {Perceptrons: An Introduction to Computational Geometry},
	Year = {1969}}

@article{Bahjat2006,
	Author = {Bahjat, F., et al.},
	Date-Added = {2019-08-23 18:04:45 +0200},
	Date-Modified = {2019-08-23 18:05:43 +0200},
	Journal = {Biometrika Trust},
	Number = {4},
	Pages = {1011--1017},
	Title = {Multivariate logistic models},
	Volume = {93},
	Year = {2006}}

@article{Hecht-Nielsen1988,
	Author = {Hecht-Nielsen, Robert},
	Date-Added = {2019-08-23 17:32:22 +0200},
	Date-Modified = {2019-08-23 17:34:03 +0200},
	Journal = {IEEE Spectrum},
	Number = {3},
	Pages = {36-41},
	Title = {Neurocomputing: picking the human brain},
	Volume = {25},
	Year = {1988}}

@unpublished{Mekherjee2019,
	Author = {Mukherjee, Sayan},
	Date-Added = {2019-08-23 12:21:49 +0200},
	Date-Modified = {2019-08-23 14:12:38 +0200},
	Note = {Duke University},
	Title = {Lecture Notes for Probabilistic Machine Learning},
	Year = {2019}}

@article{Rb1958,
	Author = {Rosenblatt, F.},
	Date-Added = {2019-08-22 19:04:43 +0200},
	Date-Modified = {2019-08-22 19:09:33 +0200},
	Journal = {The Psychological Review},
	Title = {The Perceptron, a probabilistic model for information storage and organization in the brain},
	Year = {1958}}

@article{McCulloch1943,
	Author = {McCulloch, W.S. and Pitts, W.},
	Date-Added = {2019-08-22 18:11:42 +0200},
	Date-Modified = {2019-08-22 18:13:55 +0200},
	Journal = {The bulletin of mathematical biophysics},
	Title = {A logical calculus of the ideas immanent in nervous activity},
	Year = {1943}}

@mastersthesis{Powieser2012,
	Author = {M. Powieser},
	Date-Added = {2019-08-20 15:12:18 +0200},
	Date-Modified = {2019-08-20 15:13:40 +0200},
	School = {Vienna University of Economics and Business},
	Title = {Latent Dirichlet Allocation in R},
	Year = {2012},
	Bdsk-File-1 = {YnBsaXN0MDDSAQIDBFxyZWxhdGl2ZVBhdGhZYWxpYXNEYXRhXxAqLi4vLi4vTGF0ZW50IERpcmljaGxldCBBbGxvY2F0aW9uIGluIFIucGRmTxEB4gAAAAAB4gACAAAMTWFjaW50b3NoIEhEAAAAAAAAAAAAAAAAAAAAAAAAAEJEAAH/////H0xhdGVudCBEaXJpY2hsZXQgQSNGRkZGRkZGRi5wZGYAAAAAAAAAAAAAAAAAAAAAAAAAAAAAAAAAAAAAAAAAAP////8AAAAAAAAAAAAAAAAAAgABAAAKIGN1AAAAAAAAAAAAAAAAAA5NYWdpc3RlcmFyYmVpdAACAFsvOlVzZXJzOnNlYmFzdGlhbmtuaWdnZTpEZXNrdG9wOlVuaUJvb2s6TWFnaXN0ZXJhcmJlaXQ6TGF0ZW50IERpcmljaGxldCBBbGxvY2F0aW9uIGluIFIucGRmAAAOAEoAJABMAGEAdABlAG4AdAAgAEQAaQByAGkAYwBoAGwAZQB0ACAAQQBsAGwAbwBjAGEAdABpAG8AbgAgAGkAbgAgAFIALgBwAGQAZgAPABoADABNAGEAYwBpAG4AdABvAHMAaAAgAEgARAASAFlVc2Vycy9zZWJhc3RpYW5rbmlnZ2UvRGVza3RvcC9VbmlCb29rL01hZ2lzdGVyYXJiZWl0L0xhdGVudCBEaXJpY2hsZXQgQWxsb2NhdGlvbiBpbiBSLnBkZgAAEwABLwAAFQACABb//wAAAAgADQAaACQAUQAAAAAAAAIBAAAAAAAAAAUAAAAAAAAAAAAAAAAAAAI3}}

@book{Silge2017,
	Author = {J. Silge and D. Robinson},
	Date-Added = {2019-08-19 13:43:40 +0200},
	Date-Modified = {2019-08-19 13:46:00 +0200},
	Publisher = {O`Reilly Media},
	Title = {Text Mining with R: A Tidy Approach},
	Year = {2017}}

@article{Griffiths2006,
	Author = {M. Steyvers, T. Griffiths},
	Date-Added = {2019-08-19 09:49:35 +0200},
	Date-Modified = {2019-08-19 09:52:58 +0200},
	Journal = {Latent Semantic Analysis: A Road to Meaning},
	Title = {Probabilistic Topic Models},
	Year = {2006},
	Bdsk-File-1 = {YnBsaXN0MDDSAQIDBFxyZWxhdGl2ZVBhdGhZYWxpYXNEYXRhXxAfLi4vLi4vU3RleXZlcnNHcmlmZml0aHMyMDA2LnBkZk8RAbQAAAAAAbQAAgAADE1hY2ludG9zaCBIRAAAAAAAAAAAAAAAAAAAAAAAAABCRAAB/////xlTdGV5dmVyc0dyaWZmaXRoczIwMDYucGRmAAAAAAAAAAAAAAAAAAAAAAAAAAAAAAAAAAAAAAAAAAAAAAAAAAD/////AAAAAAAAAAAAAAAAAAIAAQAACiBjdQAAAAAAAAAAAAAAAAAOTWFnaXN0ZXJhcmJlaXQAAgBQLzpVc2VyczpzZWJhc3RpYW5rbmlnZ2U6RGVza3RvcDpVbmlCb29rOk1hZ2lzdGVyYXJiZWl0OlN0ZXl2ZXJzR3JpZmZpdGhzMjAwNi5wZGYADgA0ABkAUwB0AGUAeQB2AGUAcgBzAEcAcgBpAGYAZgBpAHQAaABzADIAMAAwADYALgBwAGQAZgAPABoADABNAGEAYwBpAG4AdABvAHMAaAAgAEgARAASAE5Vc2Vycy9zZWJhc3RpYW5rbmlnZ2UvRGVza3RvcC9VbmlCb29rL01hZ2lzdGVyYXJiZWl0L1N0ZXl2ZXJzR3JpZmZpdGhzMjAwNi5wZGYAEwABLwAAFQACABb//wAAAAgADQAaACQARgAAAAAAAAIBAAAAAAAAAAUAAAAAAAAAAAAAAAAAAAH+}}

@article{Jordan1999,
	Author = {Jordan, M., et al.},
	Date-Added = {2019-08-14 17:08:46 +0200},
	Date-Modified = {2019-08-23 17:25:37 +0200},
	Journal = {Kluwer Academic Publishers - Machine Learning},
	Pages = {183--233},
	Title = {An Introduction to Variational Methods for Graphical Models},
	Volume = {37},
	Year = {1999},
	Bdsk-File-1 = {YnBsaXN0MDDSAQIDBFxyZWxhdGl2ZVBhdGhZYWxpYXNEYXRhXxAULi4vLi4vSm9yZGFuMTk5OS5wZGZPEQGKAAAAAAGKAAIAAAxNYWNpbnRvc2ggSEQAAAAAAAAAAAAAAAAAAAAAAAAAQkQAAf////8OSm9yZGFuMTk5OS5wZGYAAAAAAAAAAAAAAAAAAAAAAAAAAAAAAAAAAAAAAAAAAAAAAAAAAAAAAAAAAAAAAAAA/////wAAAAAAAAAAAAAAAAACAAEAAAogY3UAAAAAAAAAAAAAAAAADk1hZ2lzdGVyYXJiZWl0AAIARS86VXNlcnM6c2ViYXN0aWFua25pZ2dlOkRlc2t0b3A6VW5pQm9vazpNYWdpc3RlcmFyYmVpdDpKb3JkYW4xOTk5LnBkZgAADgAeAA4ASgBvAHIAZABhAG4AMQA5ADkAOQAuAHAAZABmAA8AGgAMAE0AYQBjAGkAbgB0AG8AcwBoACAASABEABIAQ1VzZXJzL3NlYmFzdGlhbmtuaWdnZS9EZXNrdG9wL1VuaUJvb2svTWFnaXN0ZXJhcmJlaXQvSm9yZGFuMTk5OS5wZGYAABMAAS8AABUAAgAW//8AAAAIAA0AGgAkADsAAAAAAAACAQAAAAAAAAAFAAAAAAAAAAAAAAAAAAAByQ==}}

@book{Gelman2014,
	Author = {A. Gelman, J. Carlin, H. Stern, D. Dunson, A. Vehtari, D. Rubin},
	Date-Added = {2019-08-14 12:33:43 +0200},
	Date-Modified = {2019-08-19 11:28:52 +0200},
	Publisher = {Chapman and Hall/CRC},
	Title = {Bayesian Data Analysis},
	Year = {2014},
	Bdsk-File-1 = {YnBsaXN0MDDSAQIDBFxyZWxhdGl2ZVBhdGhZYWxpYXNEYXRhXxDFLi4vLi4vLi4vU3RhdGlzdGlrIE1hZy9EVUtFIFVuaXZlcmlzdHkvU1RBIDYwMiAtIEJheWVzaWFuL0JheWVzaWFuIERhdGEgQW5hbHlzaXMsIFRoaXJkIEVkaXRpb24gLSBBbmRyZXcgR2VsbWFuICYgSm9obiBCLiBDYXJsaW4gJiBIYWwgUy4gU3Rlcm4gJiBEYXZpZCBCLiBEdW5zb24gJiBBa2kgVmVodGFyaSAmIERvbmFsZCBCLiBSdWJpbi5wZGZPEQPEAAAAAAPEAAIAAAxNYWNpbnRvc2ggSEQAAAAAAAAAAAAAAAAAAAAAAAAAQkQAAf////8fQmF5ZXNpYW4gRGF0YSBBbmFsI0ZGRkZGRkZGLnBkZgAAAAAAAAAAAAAAAAAAAAAAAAAAAAAAAAAAAAAAAAAA/////wAAAAAAAAAAAAAAAAADAAQAAAogY3UAAAAAAAAAAAAAAAAAElNUQSA2MDIgLSBCYXllc2lhbgACAOQvOlVzZXJzOnNlYmFzdGlhbmtuaWdnZTpEZXNrdG9wOlVuaUJvb2s6U3RhdGlzdGlrIE1hZzpEVUtFIFVuaXZlcmlzdHk6U1RBIDYwMiAtIEJheWVzaWFuOkJheWVzaWFuIERhdGEgQW5hbHlzaXMsIFRoaXJkIEVkaXRpb24gLSBBbmRyZXcgR2VsbWFuICYgSm9obiBCLiBDYXJsaW4gJiBIYWwgUy4gU3Rlcm4gJiBEYXZpZCBCLiBEdW5zb24gJiBBa2kgVmVodGFyaSAmIERvbmFsZCBCLiBSdWJpbi5wZGYADgEYAIsAQgBhAHkAZQBzAGkAYQBuACAARABhAHQAYQAgAEEAbgBhAGwAeQBzAGkAcwAsACAAVABoAGkAcgBkACAARQBkAGkAdABpAG8AbgAgAC0AIABBAG4AZAByAGUAdwAgAEcAZQBsAG0AYQBuACAAJgAgAEoAbwBoAG4AIABCAC4AIABDAGEAcgBsAGkAbgAgACYAIABIAGEAbAAgAFMALgAgAFMAdABlAHIAbgAgACYAIABEAGEAdgBpAGQAIABCAC4AIABEAHUAbgBzAG8AbgAgACYAIABBAGsAaQAgAFYAZQBoAHQAYQByAGkAIAAmACAARABvAG4AYQBsAGQAIABCAC4AIABSAHUAYgBpAG4ALgBwAGQAZgAPABoADABNAGEAYwBpAG4AdABvAHMAaAAgAEgARAASAOJVc2Vycy9zZWJhc3RpYW5rbmlnZ2UvRGVza3RvcC9VbmlCb29rL1N0YXRpc3RpayBNYWcvRFVLRSBVbml2ZXJpc3R5L1NUQSA2MDIgLSBCYXllc2lhbi9CYXllc2lhbiBEYXRhIEFuYWx5c2lzLCBUaGlyZCBFZGl0aW9uIC0gQW5kcmV3IEdlbG1hbiAmIEpvaG4gQi4gQ2FybGluICYgSGFsIFMuIFN0ZXJuICYgRGF2aWQgQi4gRHVuc29uICYgQWtpIFZlaHRhcmkgJiBEb25hbGQgQi4gUnViaW4ucGRmABMAAS8AABUAAgAW//8AAAAIAA0AGgAkAOwAAAAAAAACAQAAAAAAAAAFAAAAAAAAAAAAAAAAAAAEtA==}}

@article{Wainwright2008,
	Author = {Wainwright, Martin J. and Jordan, Michael I.},
	Date-Added = {2019-08-14 10:01:56 +0200},
	Date-Modified = {2019-08-14 10:02:48 +0200},
	Doi = {10.1561/2200000001},
	Issn = {1935-8245},
	Journal = {Foundations and Trends in Machine Learning},
	Number = {1--2},
	Pages = {1--305},
	Publisher = {Now Publishers},
	Title = {Graphical Models, Exponential Families, and Variational Inference},
	Url = {http://dx.doi.org/10.1561/2200000001},
	Volume = {1},
	Year = {2008},
	Bdsk-File-1 = {YnBsaXN0MDDSAQIDBFxyZWxhdGl2ZVBhdGhZYWxpYXNEYXRhXxAYLi4vLi4vV2FpbndyaWdodDIwMDgucGRmTxEBmgAAAAABmgACAAAMTWFjaW50b3NoIEhEAAAAAAAAAAAAAAAAAAAAAAAAAEJEAAH/////EldhaW53cmlnaHQyMDA4LnBkZgAAAAAAAAAAAAAAAAAAAAAAAAAAAAAAAAAAAAAAAAAAAAAAAAAAAAAAAAAAAP////8AAAAAAAAAAAAAAAAAAgABAAAKIGN1AAAAAAAAAAAAAAAAAA5NYWdpc3RlcmFyYmVpdAACAEkvOlVzZXJzOnNlYmFzdGlhbmtuaWdnZTpEZXNrdG9wOlVuaUJvb2s6TWFnaXN0ZXJhcmJlaXQ6V2FpbndyaWdodDIwMDgucGRmAAAOACYAEgBXAGEAaQBuAHcAcgBpAGcAaAB0ADIAMAAwADgALgBwAGQAZgAPABoADABNAGEAYwBpAG4AdABvAHMAaAAgAEgARAASAEdVc2Vycy9zZWJhc3RpYW5rbmlnZ2UvRGVza3RvcC9VbmlCb29rL01hZ2lzdGVyYXJiZWl0L1dhaW53cmlnaHQyMDA4LnBkZgAAEwABLwAAFQACABb//wAAAAgADQAaACQAPwAAAAAAAAIBAAAAAAAAAAUAAAAAAAAAAAAAAAAAAAHd}}

@article{Dempster1977,
	Author = {AP Dempster, NM Laird, DB Rubin},
	Date-Added = {2019-08-14 09:57:48 +0200},
	Date-Modified = {2019-08-14 09:59:33 +0200},
	Journal = {Journal of the Rojal Statistical Society},
	Title = {Maximum likelihood from incomplete data via the EM algorithm},
	Year = {1977}}

@article{Blei2012,
	Author = {Blei, D.},
	Date-Added = {2019-08-14 09:22:15 +0200},
	Date-Modified = {2019-08-22 19:10:11 +0200},
	Doi = {10.1145/2133806.2133826},
	Issn = {0001-0782},
	Journal = {Communications of the ACM},
	Month = {Apr},
	Number = {4},
	Pages = {77},
	Publisher = {Association for Computing Machinery (ACM)},
	Title = {Probabilistic Topic Models},
	Volume = {55},
	Year = {2012},
	Bdsk-File-1 = {YnBsaXN0MDDSAQIDBFxyZWxhdGl2ZVBhdGhZYWxpYXNEYXRhXxASLi4vLi4vQmxlaTIwMTIucGRmTxEBggAAAAABggACAAAMTWFjaW50b3NoIEhEAAAAAAAAAAAAAAAAAAAAAAAAAEJEAAH/////DEJsZWkyMDEyLnBkZgAAAAAAAAAAAAAAAAAAAAAAAAAAAAAAAAAAAAAAAAAAAAAAAAAAAAAAAAAAAAAAAAAAAP////8AAAAAAAAAAAAAAAAAAgABAAAKIGN1AAAAAAAAAAAAAAAAAA5NYWdpc3RlcmFyYmVpdAACAEMvOlVzZXJzOnNlYmFzdGlhbmtuaWdnZTpEZXNrdG9wOlVuaUJvb2s6TWFnaXN0ZXJhcmJlaXQ6QmxlaTIwMTIucGRmAAAOABoADABCAGwAZQBpADIAMAAxADIALgBwAGQAZgAPABoADABNAGEAYwBpAG4AdABvAHMAaAAgAEgARAASAEFVc2Vycy9zZWJhc3RpYW5rbmlnZ2UvRGVza3RvcC9VbmlCb29rL01hZ2lzdGVyYXJiZWl0L0JsZWkyMDEyLnBkZgAAEwABLwAAFQACABb//wAAAAgADQAaACQAOQAAAAAAAAIBAAAAAAAAAAUAAAAAAAAAAAAAAAAAAAG/}}

@article{Hornik2011,
	Author = {Hornik, K., B. Gr{\"u}n},
	Date-Added = {2019-08-13 16:13:00 +0200},
	Date-Modified = {2019-08-23 17:26:22 +0200},
	Journal = {Journal of Statistical Software},
	Number = {13},
	Title = {topicmodels: An R Package for Fitting Topic Models},
	Volume = {40},
	Year = {2011},
	Bdsk-File-1 = {YnBsaXN0MDDSAQIDBFxyZWxhdGl2ZVBhdGhZYWxpYXNEYXRhbxASAC4ALgAvAC4ALgAvAEcAcgD8AG4AMgAwADEAMQAuAHAAZABmTxEBggAAAAABggACAAAMTWFjaW50b3NoIEhEAAAAAAAAAAAAAAAAAAAAAAAAAEJEAAH/////DEdyn24yMDExLnBkZgAAAAAAAAAAAAAAAAAAAAAAAAAAAAAAAAAAAAAAAAAAAAAAAAAAAAAAAAAAAAAAAAAAAP////8AAAAAAAAAAAAAAAAAAgABAAAKIGN1AAAAAAAAAAAAAAAAAA5NYWdpc3RlcmFyYmVpdAACAEQvOlVzZXJzOnNlYmFzdGlhbmtuaWdnZTpEZXNrdG9wOlVuaUJvb2s6TWFnaXN0ZXJhcmJlaXQ6R3LDvG4yMDExLnBkZgAOABoADABHAHIA/ABuADIAMAAxADEALgBwAGQAZgAPABoADABNAGEAYwBpAG4AdABvAHMAaAAgAEgARAASAEJVc2Vycy9zZWJhc3RpYW5rbmlnZ2UvRGVza3RvcC9VbmlCb29rL01hZ2lzdGVyYXJiZWl0L0dyw7xuMjAxMS5wZGYAEwABLwAAFQACABb//wAAAAgADQAaACQASwAAAAAAAAIBAAAAAAAAAAUAAAAAAAAAAAAAAAAAAAHR}}

@article{Blei2003,
	Author = {Blei, D. , Ng, Ng., Jordan, M.},
	Date-Added = {2019-08-12 19:19:20 +0200},
	Date-Modified = {2019-08-22 19:11:41 +0200},
	Journal = {Journal of Machine Learning Research},
	Title = {Latent Dirichlet Allocation},
	Volume = {3},
	Year = {2003},
	Bdsk-File-1 = {YnBsaXN0MDDSAQIDBFxyZWxhdGl2ZVBhdGhZYWxpYXNEYXRhXxATLi4vLi4vYmxlaTIwMDNhLnBkZk8RAYQAAAAAAYQAAgAADE1hY2ludG9zaCBIRAAAAAAAAAAAAAAAAAAAAAAAAABCRAAB/////w1ibGVpMjAwM2EucGRmAAAAAAAAAAAAAAAAAAAAAAAAAAAAAAAAAAAAAAAAAAAAAAAAAAAAAAAAAAAAAAAAAAD/////AAAAAAAAAAAAAAAAAAIAAQAACiBjdQAAAAAAAAAAAAAAAAAOTWFnaXN0ZXJhcmJlaXQAAgBELzpVc2VyczpzZWJhc3RpYW5rbmlnZ2U6RGVza3RvcDpVbmlCb29rOk1hZ2lzdGVyYXJiZWl0OmJsZWkyMDAzYS5wZGYADgAcAA0AYgBsAGUAaQAyADAAMAAzAGEALgBwAGQAZgAPABoADABNAGEAYwBpAG4AdABvAHMAaAAgAEgARAASAEJVc2Vycy9zZWJhc3RpYW5rbmlnZ2UvRGVza3RvcC9VbmlCb29rL01hZ2lzdGVyYXJiZWl0L2JsZWkyMDAzYS5wZGYAEwABLwAAFQACABb//wAAAAgADQAaACQAOgAAAAAAAAIBAAAAAAAAAAUAAAAAAAAAAAAAAAAAAAHC}}
